<?xml version="1.0" encoding="UTF-8"?><record xmlns="http://www.loc.gov/MARC21/slim" xmlns:cinclude="http://apache.org/cocoon/include/1.0" xmlns:zs="http://www.loc.gov/zing/srw/">
  <leader>00667cz  a2200181n  4500</leader>
  <controlfield tag="001">n  80050263 </controlfield>
  <controlfield tag="003">DLC</controlfield>
  <controlfield tag="005">19930510150106.8</controlfield>
  <controlfield tag="008">800529n| acannaab|          |a ana |||  </controlfield>
  <datafield tag="010" ind1=" " ind2=" ">
    <subfield code="a">n  80050263 </subfield>
  </datafield>
  <datafield tag="040" ind1=" " ind2=" ">
    <subfield code="a">DLC</subfield>
    <subfield code="c">DLC</subfield>
    <subfield code="d">DLC</subfield>
  </datafield>
  <datafield tag="110" ind1="2" ind2="0">
    <subfield code="a">Archivo Municipal de Elche</subfield>
  </datafield>
  <datafield tag="410" ind1="1" ind2="0">
    <subfield code="w">nnaa</subfield>
    <subfield code="a">Elche, Spain.</subfield>
    <subfield code="b">Archivo Municipal</subfield>
  </datafield>
  <datafield tag="410" ind1="1" ind2="0">
    <subfield code="a">Elche (Spain).</subfield>
    <subfield code="b">Archivo Municipal</subfield>
  </datafield>
  <datafield tag="410" ind1="2" ind2="0">
    <subfield code="a">Arxiu Municipal d'Elx</subfield>
  </datafield>
  <datafield tag="410" ind1="2" ind2="0">
    <subfield code="a">Arxiu Històric Municipal d'Elx</subfield>
  </datafield>
  <datafield tag="670" ind1=" " ind2=" ">
    <subfield code="a">Its Inventario del Archivo ... 1974.</subfield>
  </datafield>
  <datafield tag="670" ind1=" " ind2=" ">
    <subfield code="a">Festa de Elche. Consueta ... 1986:</subfield>
    <subfield code="b">estudi crític de la música, p. i (Arxiu Municipal d'Elx) studi textual, p. xxxv (Arxiu Històric Municipal d'Elx)</subfield>
  </datafield>
</record>